<record><leader>00000cas a22000007a 4500</leader><controlfield tag="001">25480367</controlfield><controlfield tag="008">920316c19919999arudr n       0   a0eng d</controlfield><datafield ind1=" " ind2=" " tag="010"><subfield code="a">sn 92002480 </subfield></datafield><datafield ind1=" " ind2=" " tag="040"><subfield code="a">NSD</subfield><subfield code="b">eng</subfield><subfield code="c">NSD</subfield><subfield code="d">ANN</subfield><subfield code="d">OCLCQ</subfield><subfield code="d">OCLCF</subfield><subfield code="d">OCLCO</subfield></datafield><datafield ind1=" " ind2=" " tag="012"><subfield code="m">y</subfield></datafield><datafield ind1="1" ind2=" " tag="022"><subfield code="a">1061-8589</subfield><subfield code="l">1061-8589</subfield><subfield code="y">0164-9078</subfield><subfield code="2">1</subfield></datafield><datafield ind1="1" ind2=" " tag="029"><subfield code="a">AU@</subfield><subfield code="b">000020697953</subfield></datafield><datafield ind1=" " ind2=" " tag="032"><subfield code="a">358240</subfield><subfield code="b">USPS</subfield></datafield><datafield ind1=" " ind2=" " tag="037"><subfield code="b">News West Pub., POB 567, Bullhead City, AZ 86430</subfield></datafield><datafield ind1=" " ind2=" " tag="042"><subfield code="a">nsdp</subfield><subfield code="a">msc</subfield></datafield><datafield ind1=" " ind2=" " tag="043"><subfield code="a">n-us-az</subfield></datafield><datafield ind1=" " ind2="0" tag="222"><subfield code="a">Mohave Valley daily news</subfield></datafield><datafield ind1="0" ind2="0" tag="245"><subfield code="a">Mohave Valley daily news.</subfield></datafield><datafield ind1=" " ind2=" " tag="260"><subfield code="a">Bullhead City, Ariz. :</subfield><subfield code="b">News West Pub. Co.</subfield></datafield><datafield ind1=" " ind2=" " tag="300"><subfield code="a">v.</subfield></datafield><datafield ind1=" " ind2=" " tag="310"><subfield code="a">Daily except Tuesday &amp; Saturday</subfield></datafield><datafield ind1="1" ind2=" " tag="362"><subfield code="a">Began Oct. 28, 1991.</subfield></datafield><datafield ind1=" " ind2=" " tag="588"><subfield code="a">Description based on: Vol. 28, no. 37 (Feb. 20, 1992).</subfield></datafield><datafield ind1=" " ind2="0" tag="651"><subfield code="a">Bullhead City (Ariz.)</subfield><subfield code="v">Newspapers.</subfield></datafield><datafield ind1=" " ind2="7" tag="655"><subfield code="a">Newspapers.</subfield><subfield code="2">fast</subfield><subfield code="0">(OCoLC)fst01423814</subfield></datafield><datafield ind1=" " ind2="7" tag="651"><subfield code="a">Arizona</subfield><subfield code="z">Bullhead City.</subfield><subfield code="2">fast</subfield><subfield code="0">(OCoLC)fst01238882</subfield></datafield><datafield ind1=" " ind2=" " tag="752"><subfield code="a">United States</subfield><subfield code="b">Arizona</subfield><subfield code="c">Mohave</subfield><subfield code="d">Bullhead City.</subfield></datafield><datafield ind1="0" ind2="0" tag="780"><subfield code="t">Mohave Valley news</subfield><subfield code="x">0164-9078</subfield><subfield code="w">(DLC)sn 78006137</subfield></datafield></record>